@book{book:linux_tjenestedrift,
	publisher = {Gyldendal akademisk},
	author = {Eilertsen, Mads E.  and Mikalsen, Arne B. },
	title = {Linux tjenestedrift},
	year = 2003,
    isbn = 9788205311466
}

@online{wiki:linux,
  author = {Wikipedia},
  title = {Linux --- Wikipedia{,} The Free Encyclopedia},
  year = 2017,
  url = {https://en.wikipedia.org/wiki/Linux},
  urldate = {2017-08-22}
}
